
@misc{ref,
	auter={NOAA},
	title={NOAA},
	year={NOAA},
	howpublished={https://www.kaggle.com/noaa/gsod},
	note= {URL}
}
@misc{scm,
	auter={SCM},
	title={SCM},
	year={SCM},
	howpublished={https://www.kaggle.com/shivkp/customer-behaviour?select=DataCoSupplyChainDataset.csv},
	note= {URL}
}
	
@misc{pheatmap,
	auter={git},
	title={git},
	year={git},
	howpublished={	https://www.rdocumentation.org/packages/pheatmap/versions/1.0.12/topics/pheatmap},
	note= {URL}


@book{chambers2017,
  title={Extending R},
  author={Chambers, John M},
  year={2017},
  publisher={Chapman and Hall/CRC}
}



@book{efron1994,
  title={An introduction to the bootstrap},
  author={Efron, Bradley and Tibshirani, Robert J},
  year={1994},
  publisher={CRC press}
}



@Manual{citeR,
  title = {R: A Language and Environment for Statistical Computing},
  author = {{R Core Team}},
  organization = {R Foundation for Statistical Computing},
  address = {Vienna, Austria},
  year = {2020},
  url = {https://www.R-project.org/},
}
  
  
@book{xie2020r,
  title={R Markdown Cookbook},
  author={Xie, Yihui and Dervieux, Christophe and Riederer, Emily},
  year={2020},
  publisher={CRC Press}
}

@book{wickham2016r,
  title={R for data science: import, tidy, transform, visualize, and model data},
  author={Wickham, Hadley and Grolemund, Garrett},
  year={2016},
  publisher={" O'Reilly Media, Inc."}
}

@book{james2013introduction,
  title={An introduction to statistical learning},
  author={James, Gareth and Witten, Daniela and Hastie, Trevor and Tibshirani, Robert},
  volume={112},
  year={2013},
  publisher={Springer}
}

@book{unwin2015graphical,
  title={Graphical data analysis with R},
  author={Unwin, Antony},
  volume={27},
  year={2015},
  publisher={CRC Press}
}


@book{holmes2018modern,
  title={Modern statistics for modern biology},
  author={Holmes, Susan and Huber, Wolfgang},
  year={2018},
  publisher={Cambridge University Press}
}

@book{kloke2014,
  title={Nonparametric statistical methods using R},
  author={Kloke, John and McKean, Joseph W},
  year={2014},
  publisher={Chapman and Hall/CRC}
}


@book{wickham2016ggplot2,
  title={ggplot2: elegant graphics for data analysis},
  author={Wickham, Hadley},
  year={2016},
  publisher={springer}
}

@article{azzalini1990look,
  title={A look at some data on the Old Faithful geyser},
  author={Azzalini, Adelchi and Bowman, Adrian W},
  journal={Journal of the Royal Statistical Society: Series C (Applied Statistics)},
  volume={39},
  number={3},
  pages={357--365},
  year={1990},
  publisher={Wiley Online Library}
}

@article{thinking1985,
  title={Theories of data analysis: From magical thinking through classical statistics},
  author={Diaconis, Persi},
  journal={Exploring data tables, trends, and shapes},
  pages={1},
  year={1985},
  publisher={Wiley Online Library}
}

@article{buja2009,
  title={Statistical inference for exploratory data analysis and model diagnostics},
  author={Buja, Andreas and Cook, Dianne and Hofmann, Heike and Lawrence, Michael and Lee, Eun-Kyung and Swayne, Deborah F and Wickham, Hadley},
  journal={Philosophical Transactions of the Royal Society A: Mathematical, Physical and Engineering Sciences},
  volume={367},
  number={1906},
  pages={4361--4383},
  year={2009},
  publisher={The Royal Society Publishing}
}

@book{boyer1985places,
  title={Places rated almanac: Your guide to finding the best places to live in America},
  author={Boyer, Rick and Savageau, David},
  year={1985},
  publisher={Rand McNally \& Company}
}

@book{baumer2017modern,
  title={Modern data science with R},
  author={Baumer, Benjamin S and Kaplan, Daniel T and Horton, Nicholas J},
  year={2017},
  publisher={CRC Press}
}

@article{bickel1975gender,
  title={Sex bias in graduate admissions: Data from Berkeley},
  author={Bickel, Peter J and Hammel, Eugene A and O'Connell, J William},
  journal={Science},
  volume={187},
  number={4175},
  pages={398--404},
  year={1975},
  publisher={American Association for the Advancement of Science}
}

@book{silge2017text,
  title={Text mining with R: A tidy approach},
  author={Silge, Julia and Robinson, David},
  year={2017},
  publisher={" O'Reilly Media, Inc."}
}

@Manual{shiny,
    title = {shiny: Web Application Framework for R},
    author = {Winston Chang and Joe Cheng and JJ Allaire and Yihui Xie and Jonathan McPherson},
    year = {2020},
    note = {R package version 1.5.0},
    url = {https://CRAN.R-project.org/package=shiny},
  }
  
@book{chatterjee2015,
  title={Regression analysis by example},
  author={Chatterjee, Samprit and Hadi, Ali S},
  year={2015},
  publisher={John Wiley \& Sons}
}


@book{breiman1984classification,
  title={Classification and regression trees},
  author={Breiman, Leo and Friedman, Jerome and Stone, Charles J and Olshen, Richard A},
  year={1984},
  publisher={CRC press}
}

@book{zhou2012ensemble,
  title={Ensemble methods: foundations and algorithms},
  author={Zhou, Zhi-Hua},
  year={2012},
  publisher={CRC press}
}


@article{E1979,
	title = {Bootstrap Methods: Another Look at the Jackknife},
	author = {Efron, B.},
	journal = {The Annals of Statistics},
	number = {1},
	pages = {1--26},
	publisher = {The Institute of Mathematical Statistics},
	volume = {7},
	year = {1979},
	doi = {10.1214/aos/1176344552},
	url = {http://dx.doi.org/10.1214/aos/1176344552}
}

@article{breiman2001random,
  title={Random forests},
  author={Breiman, Leo},
  journal={Machine learning},
  volume={45},
  number={1},
  pages={5--32},
  year={2001},
  publisher={Springer}
}

@book{friedman2001elements,
  title={The elements of statistical learning},
  author={Friedman, Jerome and Hastie, Trevor and Tibshirani, Robert and others},
  volume={1},
  number={10},
  year={2001},
  publisher={Springer series in statistics New York}
}

@book{kaufman2009finding,
  title={Finding groups in data: an introduction to cluster analysis},
  author={Kaufman, Leonard and Rousseeuw, Peter J},
  volume={344},
  year={2009},
  publisher={John Wiley \& Sons}
}

@book{chatterjee2015regression,
  title={Regression analysis by example},
  author={Chatterjee, Samprit and Hadi, Ali S},
  year={2015},
  publisher={John Wiley \& Sons}
}

@article{donoho201750,
  title={50 years of data science},
  author={Donoho, David},
  journal={Journal of Computational and Graphical Statistics},
  volume={26},
  number={4},
  pages={745--766},
  year={2017},
  publisher={Taylor \& Francis}
}

@article{tukey1962future,
  title={The future of data analysis},
  author={Tukey, John W},
  journal={The annals of mathematical statistics},
  volume={33},
  number={1},
  pages={1--67},
  year={1962},
  publisher={JSTOR}
}

@techreport{mangasarian1990cancer,
  title={Cancer diagnosis via linear programming},
  author={Mangasarian, Olvi L and Wolberg, William H},
  year={1990},
  institution={University of Wisconsin-Madison Department of Computer Sciences}
}

@article{keren2018structured,
  title={A structured tumor-immune microenvironment in triple negative breast cancer revealed by multiplexed ion beam imaging},
  author={Keren, Leeat and Bosse, Marc and Marquez, Diana and Angoshtari, Roshan and Jain, Samir and Varma, Sushama and Yang, Soo-Ryum and Kurian, Allison and Van Valen, David and West, Robert and others},
  journal={Cell},
  volume={174},
  number={6},
  pages={1373--1387},
  year={2018},
  publisher={Elsevier}
}
