
@misc{Kaggle,
	title={Insurance Dataset},
	year={2021},
	howpublished={[Online].Available: https://www.kaggle.com/racholsan/customer-data},
}

@book{Gareth2013,
  title={ An introduction to statistical learning : with applications in R},
  author={Gareth James, Daniela Witten, Trevor Hastie, Robert Tibshirani.},
  year={2013},
  publisher={ New York :Springer}
}

@article{Emersonetc2012,
  title={The Generalized Pairs Plot},
  author={John W Emerson, Walton A Green},
  journal={Journal of Computational and Graphical Statistic},
  year={2012},
  publisher={published}
}

@misc{data,
	auter={insurance},
	title={insurance},
	year={2021},
	howpublished={https://www.kaggle.com/racholsan/customer-data},
	note= {URL}
}